% You can generate BibTeX-style bibliography entries from e.g Google Scholar (Cite -> BibTeX)

@misc{compendium,
  author={NTNU Computer Architecture and Design Group},
  title={Lab Exercises in {TDT4258} Energy Efficient Computer Systems},
  year={2014},
  note={Available at \url{innsida.ntnu.no/sso/?target=itslearning}},
}
