% You can generate BibTeX-style bibliography entries from e.g Google Scholar (Cite -> BibTeX)

@manual{efm32gg-rm,
  author={Silicon Labs},
  title={EFM32GG Reference Manual},
  year={2014},
  note={Available at \url{http://www.silabs.com/Support%20Documents/TechnicalDocs/EFM32GG-RM.pdf}},
}

@manual{cortex-m3-rm,
  author={Energy Micro},
  title={Cortex-M3 Reference Manual},
  year={2011},
  note={Available at \url{http://www.silabs.com/Support%20Documents/TechnicalDocs/EFM32-Cortex-M3-RM.pdf}},
}

@manual{cortex-a8-rm,
  author={ARM},
  title={Cortex-A8 Technical Reference Manual},
  year={2010},
  note={Available at \url{http://infocenter.arm.com/help/topic/com.arm.doc.ddi0344k/DDI0344K_cortex_a8_r3p2_trm.pdf}},
}

@misc{efm32-energy-optimization,
  author={Silicon Laboratories Inc.},
  title={EFM32 Application Note AN0027 - Energy Optimization},
  year={2013},
  month={11},
  note={Available at \url{http://www.silabs.com/Support%20Documents/TechnicalDocs/AN0027.pdf}},
}

@misc{efm32-clock-management-unit-application-note,
  author={Silicon Laboratories Inc.},
  title={EFM32 Application Note AN0004 - Clock Management Unit},
  year={2013},
  month={11},
  note={Available at \url{http://www.silabs.com/Support%20Documents/TechnicalDocs/AN0004.pdf}},
}

@misc{efm32-oscillator-design-considerations-application-note,
  author={Silicon Laboratories Inc.},
  title={EFM32 Application Note AN0016 - Oscillator Design Considerations},
  year={2013},
  month={09},
  note={Available at \url{http://www.silabs.com/Support%20Documents/TechnicalDocs/AN00016.pdf}},
}

@misc{compendium,
  author={NTNU Computer Architecture and Design Group},
  title={Lab Exercises in {TDT4258} Energy Efficient Computer Systems},
  year={2014},
  note={Available at \url{innsida.ntnu.no/sso/?target=itslearning}},
}

@book{computers-as-components,
  author={Wolf, Marilyn},
  title={Computers as Components: Principles of Embedded Computing System Design},
  publisher={Morgan Kaufmann Publishers},
  edition={third},
  year={2012},
}

@book{cmos-vlsi-design,
  author={H. E. Weste, Neil and Money Harris, David},
  title={CMOS VLSI design : a circuits and systems perspective},
  publisher={Pearson Addison-Wesley},
  edition={fourth},
  year={2011},
}

@misc{ntnu-web-tdt4258,
  author={Norwegian University of science and Technology},
  title={{TDT4258} - {E}nergy {E}fficient {C}omputer {S}ystems (Course Description)},
  year={2014},
  note={Available at \url{http://www.ntnu.edu/studies/courses/TDT4258/2014}},
}

