% You can generate BibTeX-style bibliography entries from e.g Google Scholar (Cite -> BibTeX)

@book{adams1995hitchhiker,
  title={The Hitchhiker's Guide to the Galaxy},
  author={Adams, D.},
  isbn={9781417642595},
  url={http://books.google.com/books?id=W-xMPgAACAAJ},
  year={1995},
  publisher={San Val}
}

@misc{micro2011efm32g,
  title={EFM32G Reference Manual},
  author={Micro, Energy},
  year={2011},
  publisher={Revision}
}